@article{shiloach_1981, 
	title={Another look at the degree constrained subgraph problem}, 
	volume={12}, 
	url={https://www.sciencedirect.com/science/article/pii/0020019081900090},
	DOI={10.1016/0020-0190(81)90009-0}, number={2}, journal={Information Processing Letters}, 
	author={Shiloach, Yossi}, 
	year={1981}, 
	month={Apr}, 
	pages={89â€“90},
	keywords = {shiloach}
}